%% NOTE: \LaTeX's comment character `%' is not a comment character in
%% the database files.  \BibTeX allows in the database files any
%% comment that's not within an entry.
%%
%% Repositorio de arquivos .bib disponiveis on-line:
%% http://liinwww.ira.uka.de/bibliography/index.html
%% http://www.math.utah.edu/~beebe/bibliographies.html
%%
%% Se voc� tiver problemas com acentos nas entradas do BibTeX, coloque-os
%% entre { e }, como em Jo{�}o ou ainda Jo{\~a}o.

%---------------------------------------------------------
% A A A
%---------------------------------------------------------

@misc{dlrobotics,
  title = {Deep Learning for Robotics.},
  author = {Abbeel, Pieter},
  year={2019}
}

@misc{achiam,
  title = {Advanced Policy Gradient Methods},
  author = {Joshua Achiam},
  howpublished = {Disponível para visualização em: \url{http://rail.eecs.berkeley.edu/deeprlcourse-fa17/f17docs/lecture_13_advanced_pg.pdf}},
  note = {Acessado em 15 nov. 2019.}
}

@misc{openaihand,
    title={Solving Rubik's Cube with a Robot Hand},
    author={Ilge Akkaya and Marcin Andrychowicz and Maciek Chociej and Mateusz Litwin and Bob McGrew and Arthur Petron and Alex Paino and Matthias Plappert and Glenn Powell and Raphael Ribas and Jonas Schneider and Nikolas Tezak and Jerry Tworek and Peter Welinder and Lilian Weng and Qiming Yuan and Wojciech Zaremba and Lei Zhang},
    year={2019},
    eprint={1910.07113},
    archivePrefix={arXiv},
    primaryClass={cs.LG}
}

@misc{rewardfaulty,
  title = {Faulty Reward Functions in the Wild},
  author = {Jack Clark and Dario Amodei},
  howpublished = {Disponível para visualização em: \url{https://openai.com/blog/faulty-reward-functions/}},
  note = {Acessado em 20 nov. 2019.}
}

@misc{rewardhacking,
    title={Concrete Problems in AI Safety},
    author={Dario Amodei and Chris Olah and Jacob Steinhardt and Paul Christiano and John Schulman and Dan Mané},
    year={2016},
    eprint={1606.06565},
    archivePrefix={arXiv},
    primaryClass={cs.AI}
}

@article{dexterity,
   title={Learning dexterous in-hand manipulation},
   ISSN={1741-3176},
   url={http://dx.doi.org/10.1177/0278364919887447},
   DOI={10.1177/0278364919887447},
   journal={The International Journal of Robotics Research},
   publisher={SAGE Publications},
   author={Andrychowicz, Marcin and Baker, Bowen and Chociej, Maciek and Józefowicz, Rafal and McGrew, Bob and Pachocki, Jakub and Petron, Arthur and Plappert, Matthias and Powell, Glenn and Ray, Alex and et al.},
   year={2019},
   month={Nov},
   pages={027836491988744}
}

@misc{hindsight,
    title={Hindsight Experience Replay},
    author={Marcin Andrychowicz and Filip Wolski and Alex Ray and Jonas Schneider and Rachel Fong and Peter Welinder and Bob McGrew and Josh Tobin and Pieter Abbeel and Wojciech Zaremba},
    year={2017},
    eprint={1707.01495},
    archivePrefix={arXiv},
    primaryClass={cs.LG}
}

@Article{dldiabetic,
author={Arcadu, Filippo
and Benmansour, Fethallah
and Maunz, Andreas
and Willis, Jeff
and Haskova, Zdenka
and Prunotto, Marco},
title={Deep learning algorithm predicts diabetic retinopathy progression in individual patients},
journal={npj Digital Medicine},
year={2019},
volume={2},
number={1},
pages={92},
issn={2398-6352},
doi={10.1038/s41746-019-0172-3},
url={https://doi.org/10.1038/s41746-019-0172-3}
}


%---------------------------------------------------------
% B B B
%---------------------------------------------------------

@misc{openaimultiagent,
    title={Emergent Tool Use From Multi-Agent Autocurricula},
    author={Bowen Baker and Ingmar Kanitscheider and Todor Markov and Yi Wu and Glenn Powell and Bob McGrew and Igor Mordatch},
    year={2019},
    eprint={1909.07528},
    archivePrefix={arXiv},
    primaryClass={cs.LG}
}

@misc{videoatlas,
  author={Boston Dynamics},
  title = {What's new, Atlas?},
  howpublished = {Disponível para visualização em: \url{https://www.youtube.com/watch?v=fRj34o4hN4I}},
  note = {Acessado em 17 nov. 2019.}
}

@misc{curiositylarge,
    title={Large-Scale Study of Curiosity-Driven Learning},
    author={Yuri Burda and Harri Edwards and Deepak Pathak and Amos Storkey and Trevor Darrell and Alexei A. Efros},
    year={2018},
    eprint={1808.04355},
    archivePrefix={arXiv},
    primaryClass={cs.LG}
}

%---------------------------------------------------------
% C C C
%---------------------------------------------------------

@misc{coriolis,
    author = {Felipe Costa Cardoso and Tobias Anderson Guimarâes and Renato de Sousa Dâmaso and Emerson de Sousa Costa},
    year = {2012},
    title = {Kinematic And Dynamic Behavior Of Articulated Robot Manipulators By Two Bars},
    howpublished = {ABCM Symposium Series in Mechatronics - Vol. 5}
}

@misc{Luckeciano,
    author = {Luckeciano Carvalho Melo},
    year = {2018},
    pages = {129},
    title = {A Deep Reinforcement Learning Method for
Humanoid Kick Motion},
    howpublished = {Instituto Tecnológico de Aeronáutica, São José dos Campos}
}

%---------------------------------------------------------
% D D D
%---------------------------------------------------------

@misc{deepmind,
  author={David Silver},
  title = {Deep Reinforcement Learning},
  howpublished = {Disponível para visualização em: \url{https://deepmind.com/blog/article/deep-reinforcement-learning}},
  note = {Acessado em 13 nov. 2019.}
}

%---------------------------------------------------------
% E E E
%---------------------------------------------------------

%---------------------------------------------------------
% F F F
%---------------------------------------------------------

@Article{dlalzheimer,
author={Fisher, Charles K.
and Smith, Aaron M.
and Walsh, Jonathan R.
and Simon, Adam J.
and Edgar, Chris
and Jack, Clifford R.
and Holtzman, David
and Russell, David
and Hill, Derek
and Grosset, Donald
and Wood, Fred
and Vanderstichele, Hugo
and Morris, John
and Blennow, Kaj
and Marek, Ken
and Shaw, Leslie M.
and Albert, Marilyn
and Weiner, Michael
and Fox, Nick
and Aisen, Paul
and Cole, Patricia E.
and Petersen, Ronald
and Sherer, Todd
and Kubick, Wayne},
title={Machine learning for comprehensive forecasting of Alzheimer's Disease progression},
journal={Scientific Reports},
year={2019},
volume={9},
number={1},
pages={13622},
issn={2045-2322},
doi={10.1038/s41598-019-49656-2},
url={https://doi.org/10.1038/s41598-019-49656-2}
}

%---------------------------------------------------------
% G G G
%---------------------------------------------------------

@book{Goodfellow2016,
    title={Deep Learning},
    author={Ian Goodfellow and Yoshua Bengio and Aaron Courville},
    publisher={MIT Press},
    note={\url{http://www.deeplearningbook.org}},
    year={2016}
}

%---------------------------------------------------------
% H H H
%---------------------------------------------------------

@misc{automatedassembly,
  author={Salmon Doggies},
  title = {Automated Assembly Line},
  howpublished = {Disponível para visualização em: \url{https://iptmajor.weebly.com/automated-assembly-line-robotic-arms.html}},
  note = {Acessado em 17 nov. 2019.},
  year={2019}
}

@misc{atlas,
  title = {Three years ago it could barely walk. Now Atlas the humanoid robot is doing gymnastics.},
  author={Holley, P},
  howpublished = {Disponível para visualização em: \url{https://www.washingtonpost.com/technology/2019/09/25/three-years-ago-he-could-barely-walk-now-atlas-humanoid-robot-is-doing-gymnastics/}},
  note = {Acessado em 17 nov. 2019.},
  year={2019}
}

%---------------------------------------------------------
% I I I
%---------------------------------------------------------

%---------------------------------------------------------
% J J J
%---------------------------------------------------------

@misc{anapaula,
    author = {Jacintho, Ana Paula},
    year = {2019},
    pages = {39},
    title = {Estratégias evolutivas para aprendizado por reforço
aplicado em jogos},
    journal={Relatório de Graduação},
    howpublished = {Instituto de Informática, Universidade Federal de Goiás.}
}

@INPROCEEDINGS{rlforcontrol,
author={T. {Johannink} and S. {Bahl} and A. {Nair} and J. {Luo} and A. {Kumar} and M. {Loskyll} and J. A. {Ojea} and E. {Solowjow} and S. {Levine}},
booktitle={2019 International Conference on Robotics and Automation (ICRA)},
title={Residual Reinforcement Learning for Robot Control},
year={2019},
volume={},
number={},
pages={6023-6029},
keywords={continuous systems;control system synthesis;feedback;friction;industrial robots;learning (artificial intelligence);learning systems;mechanical contact;motion control;robot dynamics;first-order physical modeling;brittle controllers;inaccurate controllers;reinforcement learning methods;continuous robot controllers;control signals;robot control problems;modern manufacturing;control design;feedback control methods;control policy;residual reinforcement learning;rigid body equations of motion;contacts;friction;robot learning;unstable objects;block assembly task;Robots;Task analysis;Feedback control;Reinforcement learning;Mathematical model;Manufacturing;Adaptive control},
doi={10.1109/ICRA.2019.8794127},
ISSN={1050-4729},
month={May},}

%---------------------------------------------------------
% K K K
%---------------------------------------------------------

%---------------------------------------------------------
% L L L
%---------------------------------------------------------

@book{drlhandson,
  added-at = {2019-03-23T19:47:18.000+0100},
  address = {Birmingham, UK},
  author = {Lapan, Maxim},
  biburl = {https://www.bibsonomy.org/bibtex/26e5cbaf5acfed86f2f1e623be404f110/flint63},
  file = {copy:201x/8/Lapan18.pdf:PDF;epub:epub/Lapan18.epub:EPUB;shop:https\://www.packtpub.com/big-data-and-business-intelligence/deep-reinforcement-learning-hands:text/html;archive:https\://www.safaribooksonline.com/library/view/deep-reinforcement-learning/9781788834247/:text/html},
  gender = {sm},
  interhash = {90b17b54701732cacb1664591099f151},
  intrahash = {6e5cbaf5acfed86f2f1e623be404f110},
  isbn = {978-1-78883-424-7},
  keywords = {02041 103 8book 9safari ai development learn numerical software},
  owner = {flint},
  pagetotal = {546},
  publisher = {Packt Publishing},
  referencetype = {book},
  subtitle = {Apply Modern RL Methods, with Deep Q-Networks, Value Iteration, Policy Gradients, TRPO, AlphaGo Zero and more},
  timestamp = {2019-03-23T19:47:18.000+0100},
  title = {Deep Reinforcement Learning Hands-On},
  x.asin = {1788834240},
  x.sortdate = {2018-06},
  year = 2018
}



@article{LeCun1989,
 author = {LeCun, Y. and Boser, B. and Denker, J. S. and Henderson, D. and Howard, R. E. and Hubbard, W. and Jackel, L. D.},
 title = {Backpropagation Applied to Handwritten Zip Code Recognition},
 journal = {Neural Comput.},
 issue_date = {Winter 1989},
 volume = {1},
 number = {4},
 month = dec,
 year = {1989},
 issn = {0899-7667},
 pages = {541--551},
 numpages = {11},
 url = {http://dx.doi.org/10.1162/neco.1989.1.4.541},
 doi = {10.1162/neco.1989.1.4.541},
 acmid = {1351090},
 publisher = {MIT Press},
 address = {Cambridge, MA, USA},
} 


%---------------------------------------------------------
% M M M
%---------------------------------------------------------

@inproceedings{metaworld,
  title={Meta-World: A Benchmark and Evaluation for Multi-Task and Meta Reinforcement Learning},
  author={Tianhe Yu and Deirdre Quillen and Zhanpeng He and Ryan Julian and Karol Hausman and Chelsea Finn and Sergey Levine},
  booktitle={Conference on Robot Learning (CoRL)},
  year={2019},
  eprint={1910.10897},
  archivePrefix={arXiv},
  primaryClass={cs.LG},
  url={https://arxiv.org/abs/1910.10897}
}

@INBOOK{curiosityoriginal,
author={J. {Meyer} and S. W. {Wilson}},
booktitle={From Animals to Animats: Proceedings of the First International Conference on Simulation of Adaptive Behavior},
title={A Possibility for Implementing Curiosity and Boredom in Model-Building Neural Controllers},
year={1991},
volume={},
number={},
pages={222-227},
keywords={},
doi={},
ISSN={null},
publisher={MITP},
isbn={9780262256674},
url={https://ieeexplore.ieee.org/document/6294131},}

@article{rlindustrial,
author = {Meyes, Richard and Tercan, Hasan and Roggendorf, Simon and Thiele, Thomas and Büscher, Christian and Obdenbusch, Markus and Brecher, Christian and Jeschke, Sabina and Meisen, Tobias},
year = {2017},
month = {12},
pages = {107-112},
title = {Motion Planning for Industrial Robots using Reinforcement Learning},
volume = {63},
journal = {Procedia CIRP},
doi = {10.1016/j.procir.2017.03.095}
}

@misc{a3c,
    title={Asynchronous Methods for Deep Reinforcement Learning},
    author={Volodymyr Mnih and Adrià Puigdomènech Badia and Mehdi Mirza and Alex Graves and Timothy P. Lillicrap and Tim Harley and David Silver and Koray Kavukcuoglu},
    year={2016},
    eprint={1602.01783},
    archivePrefix={arXiv},
    primaryClass={cs.LG}
}

@Article{deepq,
author={Mnih, Volodymyr
and Kavukcuoglu, Koray
and Silver, David
and Rusu, Andrei A.
and Veness, Joel
and Bellemare, Marc G.
and Graves, Alex
and Riedmiller, Martin
and Fidjeland, Andreas K.
and Ostrovski, Georg
and Petersen, Stig
and Beattie, Charles
and Sadik, Amir
and Antonoglou, Ioannis
and King, Helen
and Kumaran, Dharshan
and Wierstra, Daan
and Legg, Shane
and Hassabis, Demis},
title={Human-level control through deep reinforcement learning},
journal={Nature},
year={2015},
volume={518},
number={7540},
pages={529-533},
issn={1476-4687},
doi={10.1038/nature14236},
url={https://doi.org/10.1038/nature14236}
}



@misc{mohammad,
  title = {Reinforcement Learning Demystified: Markov Decision Processes},
  author={Mohammad Ashraf},
  howpublished = {Disponível para visualização em: \url{https://towardsdatascience.com/reinforcement-learning-demystified-markov-decision-processes-part-1-bf00dda41690}},
  note = {Acessado em 13 nov. 2019.},
  year={2018}
}

%---------------------------------------------------------
% N N N
%---------------------------------------------------------

@Book{MichaelNielsen,
  author =	"Michael A. Nielsen",
  title =	"Neural Networks and Deep Learning",
  publisher =	"Determination Press",
  year = 	"2015",
}

@inproceedings{ng,
 author = {Ng, Andrew Y. and Harada, Daishi and Russell, Stuart J.},
 title = {Policy Invariance Under Reward Transformations: Theory and Application to Reward Shaping},
 booktitle = {Proceedings of the Sixteenth International Conference on Machine Learning},
 series = {ICML '99},
 year = {1999},
 isbn = {1-55860-612-2},
 pages = {278--287},
 numpages = {10},
 url = {http://dl.acm.org/citation.cfm?id=645528.657613},
 acmid = {657613},
 publisher = {Morgan Kaufmann Publishers Inc.},
 address = {San Francisco, CA, USA},
}

%---------------------------------------------------------
% O O O
%---------------------------------------------------------

@misc{gym,
    title={OpenAI Gym},
    author={Greg Brockman and Vicki Cheung and Ludwig Pettersson and Jonas Schneider and John Schulman and Jie Tang and Wojciech Zaremba},
    year={2016},
    eprint={1606.01540},
    archivePrefix={arXiv},
    primaryClass={cs.LG}
}

%---------------------------------------------------------
% P P P
%---------------------------------------------------------

@article{pathak,
   title={Curiosity-Driven Exploration by Self-Supervised Prediction},
   ISBN={9781538607336},
   url={http://dx.doi.org/10.1109/CVPRW.2017.70},
   DOI={10.1109/cvprw.2017.70},
   journal={2017 IEEE Conference on Computer Vision and Pattern Recognition Workshops (CVPRW)},
   publisher={IEEE},
   author={Pathak, Deepak and Agrawal, Pulkit and Efros, Alexei A. and Darrell, Trevor},
   year={2017},
   month={Jul}
}

@article{deepLoco,
  title={DeepLoco: Dynamic Locomotion Skills Using Hierarchical Deep Reinforcement Learning},
  author={Xue Bin Peng and Glen Berseth and KangKang Yin and Michiel van de Panne},
  journal = {ACM Transactions on Graphics (Proc. SIGGRAPH 2017)},
  volume = 36,
  number = 4,
  article = 41,
  year={2017}
}

@Book{Puterman,
  author =	"Martin L. Puterman",
  title =	"Markov Decision Processes---Discrete Stochastic
		 Dynamic Programming",
  publisher =	"John Wiley \& Sons, Inc.",
  year = 	"1994",
  address =	"New York, NY",
}

%---------------------------------------------------------
% Q Q Q
%---------------------------------------------------------

%---------------------------------------------------------
% R R R
%---------------------------------------------------------

@misc { CuriosityandMotivation,
      author = "Richard M. Ryan and Paul J. Silvia",
      title = "Curiosity and Motivation",
      year = "2012",
      month = "09",
      publisher = "Oxford University Press",
      isbn = "9780195399820",
      pages=     "",
      url = "https://www.oxfordhandbooks.com/view/10.1093/oxfordhb/9780195399820.001.0001/oxfordhb-9780195399820-e-10"
}

@article{intrinsicryan,
author = {Ryan, Richard and Deci, Edward},
year = {2000},
month = {02},
pages = {54-67},
title = {Intrinsic and Extrinsic Motivations: Classic Definition and New Directions},
volume = {25},
journal = {Contemporary Educational Psychology},
doi = {10.1006/ceps.1999.1020}
}

@Article{roboticsautomation,
author="Royakkers, Lamb{\`e}r
and van Est, Rinie",
title="A Literature Review on New Robotics: Automation from Love to War",
journal="International Journal of Social Robotics",
year="2015",
month="Nov",
day="01",
volume="7",
number="5",
pages="549--570",
abstract="This article investigates the social significance of robotics for the years to come in Europe and the US by studying robotics developments in five different areas: the home, health care, traffic, the police force, and the army. Our society accepts the use of robots to perform dull, dangerous, and dirty industrial jobs. But now that robotics is moving out of the factory, the relevant question is how far do we want to go with the automation of care for children and the elderly, of killing terrorists, or of making love? This literature review attempts to provide an engaged but sober (non-speculative) insight into the societal issues raised by the new robotics: which robot technologies are coming; what are they capable of; and which ethical and regulatory questions will they consequently raise?",
issn="1875-4805",
doi="10.1007/s12369-015-0295-x",
url="https://doi.org/10.1007/s12369-015-0295-x"
}



@incollection{Rumelhart1986,
 author = {Rumelhart, D. E. and Hinton, G. E. and Williams, R. J.},
 chapter = {Learning Internal Representations by Error Propagation},
 title = {Parallel Distributed Processing: Explorations in the Microstructure of Cognition, Vol. 1},
 editor = {Rumelhart, David E. and McClelland, James L. and PDP Research Group, CORPORATE},
 year = {1986},
 isbn = {0-262-68053-X},
 pages = {318--362},
 numpages = {45},
 url = {http://dl.acm.org/citation.cfm?id=104279.104293},
 acmid = {104293},
 publisher = {MIT Press},
 address = {Cambridge, MA, USA},
} 

@Book{Russel,
  author =	"S. Russel and P. Norvig",
  title =	"Artificial Intelligence: a Modern Approach",
  publisher =	"Prentice-Hall",
  year = 	"1995",
}

%---------------------------------------------------------
% S S S
%---------------------------------------------------------

@misc{sebrae,
  title = {Indústria 4.0, a moda a caminho do futuro},
  author={SEBRAE},
  year={2018}
}

@misc{ppo,
    title={Proximal Policy Optimization Algorithms},
    author={John Schulman and Filip Wolski and Prafulla Dhariwal and Alec Radford and Oleg Klimov},
    year={2017},
    eprint={1707.06347},
    archivePrefix={arXiv},
    primaryClass={cs.LG}
}

@misc{gae,
    title={High-Dimensional Continuous Control Using Generalized Advantage Estimation},
    author={John Schulman and Philipp Moritz and Sergey Levine and Michael Jordan and Pieter Abbeel},
    year={2015},
    eprint={1506.02438},
    archivePrefix={arXiv},
    primaryClass={cs.LG}
}

@inproceedings{Simon2013TooBT,
  title={Too Big to Ignore: The Business Case for Big Data},
  author={Phil Simon},
  year={2013}
}

@article{atlaspaper,
author = {Feng, Siyuan and Whitman, Eric and Xinjilefu, X. and Atkeson, Christopher},
year = {2015},
month = {02},
pages = {120-127},
title = {Optimization based full body control for the atlas robot},
volume = {2015},
doi = {10.1109/HUMANOIDS.2014.7041347}
}

@Book{suttonbarto,
  author =	"R. S. Sutton and A. G. Barto",
  title =	"Reinforcement Learning: An Introduction",
  publisher =	"The \uppercase{MIT} Press",
  year = 	"1998",
  address =	"Cambridge, MA",
}

@inproceedings{policygradients,
 author = {Sutton, Richard S. and McAllester, David and Singh, Satinder and Mansour, Yishay},
 title = {Policy Gradient Methods for Reinforcement Learning with Function Approximation},
 booktitle = {Proceedings of the 12th International Conference on Neural Information Processing Systems},
 series = {NIPS'99},
 year = {1999},
 location = {Denver, CO},
 pages = {1057--1063},
 numpages = {7},
 url = {http://dl.acm.org/citation.cfm?id=3009657.3009806},
 acmid = {3009806},
 publisher = {MIT Press},
 address = {Cambridge, MA, USA},
} 

%---------------------------------------------------------
% T T T
%---------------------------------------------------------

@article{Tobin_2017,
   title={Domain randomization for transferring deep neural networks from simulation to the real world},
   ISBN={9781538626825},
   url={http://dx.doi.org/10.1109/IROS.2017.8202133},
   DOI={10.1109/iros.2017.8202133},
   journal={2017 IEEE/RSJ International Conference on Intelligent Robots and Systems (IROS)},
   publisher={IEEE},
   author={Tobin, Josh and Fong, Rachel and Ray, Alex and Schneider, Jonas and Zaremba, Wojciech and Abbeel, Pieter},
   year={2017},
   month={Sep}
}


%---------------------------------------------------------
% U U U
%---------------------------------------------------------

%---------------------------------------------------------
% V V V
%---------------------------------------------------------

@ARTICLE{scipy,
       author = {{Virtanen}, Pauli and {Gommers}, Ralf and {Oliphant},
         Travis E. and {Haberland}, Matt and {Reddy}, Tyler and
         {Cournapeau}, David and {Burovski}, Evgeni and {Peterson}, Pearu
         and {Weckesser}, Warren and {Bright}, Jonathan and {van der Walt},
         St{\'e}fan J.  and {Brett}, Matthew and {Wilson}, Joshua and
         {Jarrod Millman}, K.  and {Mayorov}, Nikolay and {Nelson}, Andrew
         R.~J. and {Jones}, Eric and {Kern}, Robert and {Larson}, Eric and
         {Carey}, CJ and {Polat}, {\.I}lhan and {Feng}, Yu and {Moore},
         Eric W. and {Vand erPlas}, Jake and {Laxalde}, Denis and
         {Perktold}, Josef and {Cimrman}, Robert and {Henriksen}, Ian and
         {Quintero}, E.~A. and {Harris}, Charles R and {Archibald}, Anne M.
         and {Ribeiro}, Ant{\^o}nio H. and {Pedregosa}, Fabian and
         {van Mulbregt}, Paul and {Contributors}, SciPy 1. 0},
        title = "{SciPy 1.0--Fundamental Algorithms for Scientific
                  Computing in Python}",
      journal = {arXiv e-prints},
         year = "2019",
        month = "Jul",
          eid = {arXiv:1907.10121},
        pages = {arXiv:1907.10121},
archivePrefix = {arXiv},
       eprint = {1907.10121},
 primaryClass = {cs.MS},
       adsurl = {https://ui.adsabs.harvard.edu/abs/2019arXiv190710121V},
      adsnote = {Provided by the SAO/NASA Astrophysics Data System}
}

%---------------------------------------------------------
% W W W
%---------------------------------------------------------

@PhdThesis{egreedy,
  author =	"{C. J. C. H. Watkins}",
  title =	"Learning from Delayed Rewards",
  school =	"King's College",
  year = 	"1989",
}

@inproceedings{williamspeng,
  title={Function optimization using connectionist reinforcement learning algorithms},
  author={Ronald J. Williams and Jing Peng},
  year={1991}
}

%---------------------------------------------------------
% X X X
%---------------------------------------------------------

%---------------------------------------------------------
% Y Y Y
%---------------------------------------------------------

@INPROCEEDINGS{autonomousvehicle,
author={S. {Yang} and W. {Wang} and C. {Liu} and W. {Deng} and J. K. {Hedrick}},
booktitle={2017 IEEE Intelligent Vehicles Symposium (IV)},
title={Feature analysis and selection for training an end-to-end autonomous vehicle controller using deep learning approach},
year={2017},
volume={},
number={},
pages={1033-1038},
keywords={cellular neural nets;convolution;feature selection;image classification;mobile robots;neurocontrollers;road traffic control;traffic engineering computing;feature analysis;feature selection;end-to-end autonomous vehicle controller;deep learning;autonomous vehicles;nonlinear functions;convolutional neural networks;CNNs;computation cost reduction;the open racing car simulator;TORCS;image feature classification;CNN controller training;Training;Autonomous vehicles;Roads;Neural networks;Automobiles;Training data},
doi={10.1109/IVS.2017.7995850},
ISSN={null},
month={June},}

@misc{pan2017agile,
    title={Agile Autonomous Driving using End-to-End Deep Imitation Learning},
    author={Yunpeng Pan and Ching-An Cheng and Kamil Saigol and Keuntaek Lee and Xinyan Yan and Evangelos Theodorou and Byron Boots},
    year={2017},
    eprint={1709.07174},
    archivePrefix={arXiv},
    primaryClass={cs.RO}
}

%---------------------------------------------------------
% Z Z Z
%---------------------------------------------------------

@article{ZhouXiaoke,
    author = {Zhou, Xiaoke and Zhu, Fei and Liu, Quan and Fu, Yuchen and Huang, Wei},
    year = {2014},
    month = {01},
    pages = {759097},
    title = {A Sarsa(λ)-Based Control Model for Real-Time Traffic Light Coordination},
    volume = {2014},
    journal = {TheScientificWorldJournal},
    doi = {10.1155/2014/759097}
}

%%%%%%%%%%%%%%%%%%%%%%%%%%%%%%%%%%%%%%%%%%%%%%%%%%%%%%%%%%
%% Below is a description of all fields recognized by the standard
%% bibliography styles.  An entry can also contain other fields, which
%% are ignored by those styles.

%% address
%% Usually the address of the publisher or other type of institution.
%% For major publishing houses, van Leunen recommends omitting the
%% information entirely. For small publishers, on the other hand, you
%% can help the reader by giving the complete address.

%% annote
%% An annotation.  It is not used by the standard bibliography styles,
%% but may be used by others that produce an annotated bibliography.

%% author
%% The name(s) of the author(s),
%% in the format described in the \LaTeX\ book.

%% booktitle
%% Title of a book, part of which is being cited.  See the \LaTeX\
%% book for how to type titles.  For book entries, use the title field
%% instead.

%% chapter
%% A chapter (or section or whatever) number.

%% crossref
%% The database key of the entry being cross referenced.

%% edition
%% The edition of a book---for example, ``Second''.  This should be an
%% ordinal, and should have the first letter capitalized, as shown
%% here; the standard styles convert to lower case when necessary.

%% editor
%% Name(s) of editor(s), typed as indicated in the \LaTeX\ book.  If
%% there is also an author field, then the editor field gives the
%% editor of the book or collection in which the reference appears.

%% howpublished
%% How something strange has been published.  The first word should be
%% capitalized.

%% institution
%% The sponsoring institution of a technical report.

%% journal
%% A journal name.  Abbreviations are provided for many journals; see
%% the Local Guide.

%% key
%% Used for alphabetizing, cross referencing, and creating a label
%% when the ``author'' information (described in Section
%% odds-and-ends) is missing.  This field should not be confused with
%% the key that appears in the \cite command and at the beginning of
%% the database entry.

%% month
%% The month in which the work was published or, for an unpublished
%% work, in which it was written.  You should use the standard
%% three-letter abbreviation, as described in Appendix B.1.3 of the
%% \LaTeX\ book.

%% note
%% Any additional information that can help the reader.  The first
%% word should be capitalized.

%% number
%% The number of a journal, magazine, technical report, or of a work
%% in a series.  An issue of a journal or magazine is usually
%% identified by its volume and number; the organization that issues a
%% technical report usually gives it a number; and sometimes books are
%% given numbers in a named series.

%% organization
%% The organization that sponsors a conference or that publishes a
%% manual.

%% pages
%% One or more page numbers or range of numbers, such as 42--111 or
%% 7,41,73--97 or 43+ (the `+' in this last example indicates pages
%% following that don't form a simple range).  To make it easier to
%% maintain Scribe-compatible databases, the standard styles convert a
%% single dash (as in 7-33) to the double dash used in \TeX\ to denote
%% number ranges (as in 7--33}).

%% publisher
%% The publisher's name.

%% school
%% The name of the school where a thesis was written.

%% series
%% The name of a series or set of books.  When citing an entire book,
%% the the title field gives its title and an optional series field
%% gives the name of a series or multi-volume set in which the book is
%% published.

%% title
%% The work's title, typed as explained in the \LaTeX\ book.

%% type
%% The type of a technical report---for example, ``Research Note''.

%% volume
%% The volume of a journal or multivolume book.

%% year
%% The year of publication or, for an unpublished work, the year it
%% was written.  Generally it should consist of four numerals, such as
%% 1984, although the standard styles can handle any year whose last
%% four nonpunctuation characters are numerals, such as about 1984.
%%%%%%%%%%%%%%%%%%%%%%%%%%%%%%%%%%%%%%%%%%%%%%%%%%%%%%%%%%
